Date,Region,Sales,Profit
2023-01-31,North,2000,300
2023-02-28,South,2500,400
2023-03-31,East,1800,250
2023-04-30,West,2200,350
2023-05-31,North,2100,310
2023-06-30,South,2600,410
2023-07-31,East,1900,260
2023-08-31,West,2300,360
2023-09-30,North,2150,315
2023-10-31,South,2700,420
2023-11-30,East,2000,280
2023-12-31,West,2400,390
